<mx:record xmlns="http://www.w3.org/TR/xhtml1/strict" xmlns:mx="http://www.loc.gov/MARC21/slim" xmlns:xsi="http://www.w3.org/2001/XMLSchema-instance"><mx:leader>00000nz   2200000n  4500</mx:leader><mx:controlfield tag="001">oca06673627 </mx:controlfield><mx:controlfield tag="003">OCoLC</mx:controlfield><mx:controlfield tag="005">20050707052150.0</mx:controlfield><mx:controlfield tag="008">050705n| acannaabn          |a aaa     c</mx:controlfield><mx:datafield ind1=" " ind2=" " tag="010"><mx:subfield code="a">no2005061795</mx:subfield></mx:datafield><mx:datafield ind1=" " ind2=" " tag="035"><mx:subfield code="a">(OCoLC)oca06673627</mx:subfield></mx:datafield><mx:datafield ind1=" " ind2=" " tag="040"><mx:subfield code="a">NjP</mx:subfield><mx:subfield code="b">eng</mx:subfield><mx:subfield code="c">NjP</mx:subfield></mx:datafield><mx:datafield ind1="0" ind2=" " tag="100"><mx:subfield code="a">Parrhasius,</mx:subfield><mx:subfield code="d">5th cent. B.C.</mx:subfield></mx:datafield><mx:datafield ind1="0" ind2=" " tag="400"><mx:subfield code="a">Parrhasios,</mx:subfield><mx:subfield code="d">5th cent. B.C.</mx:subfield></mx:datafield><mx:datafield ind1="0" ind2=" " tag="400"><mx:subfield code="a">Parrasios,</mx:subfield><mx:subfield code="d">5th cent. B.C.</mx:subfield></mx:datafield><mx:datafield ind1=" " ind2=" " tag="670"><mx:subfield code="a">Zeuxis und Parrhasios, 1975:</mx:subfield><mx:subfield code="b">t.p. (ancient artist)</mx:subfield></mx:datafield><mx:datafield ind1=" " ind2=" " tag="670"><mx:subfield code="a">Enc. Brit., 15th ed.</mx:subfield><mx:subfield code="b">(Parrhasius, fl. 5th cent. B.C., Athens; one of the greatest painters of ancient Greece; b. in Ephesus; later settled in Athens)</mx:subfield></mx:datafield><mx:datafield ind1=" " ind2=" " tag="670"><mx:subfield code="a">Pank. viog. lex., 1983</mx:subfield><mx:subfield code="b">(Parrasios; 2nd half of 5th cent.-beginning of 4th cent. B.C.; one of the most famous ancient painters)</mx:subfield></mx:datafield></mx:record>